<record><leader>00000cas a2200000   4500</leader><controlfield tag="001">14642909</controlfield><controlfield tag="007">hd afv---baca</controlfield><controlfield tag="007">hd bfv---baaa</controlfield><controlfield tag="007">hd bfv---baba</controlfield><controlfield tag="008">861106d18431970nyumx n a     0    0eng c</controlfield><datafield ind1=" " ind2=" " tag="010"><subfield code="a">sn 99016036 </subfield></datafield><datafield ind1=" " ind2=" " tag="040"><subfield code="a">VA@</subfield><subfield code="b">eng</subfield><subfield code="c">VA@</subfield><subfield code="d">OCL</subfield><subfield code="d">ATL</subfield><subfield code="d">DLC</subfield><subfield code="d">OCLCQ</subfield><subfield code="d">OCLCO</subfield><subfield code="d">OCLCQ</subfield></datafield><datafield ind1=" " ind2=" " tag="019"><subfield code="a">26858866</subfield></datafield><datafield ind1=" " ind2=" " tag="022"><subfield code="a">1077-646X</subfield><subfield code="l">1077-646X</subfield></datafield><datafield ind1=" " ind2=" " tag="042"><subfield code="a">pcc</subfield></datafield><datafield ind1="1" ind2="4" tag="050"><subfield code="a">BV2370</subfield></datafield><datafield ind1="0" ind2="0" tag="245"><subfield code="a">Bible Society record.</subfield></datafield><datafield ind1=" " ind2=" " tag="260"><subfield code="a">[New York],</subfield><subfield code="b">[American Bible Society]</subfield></datafield><datafield ind1=" " ind2=" " tag="300"><subfield code="a">122 volumes</subfield><subfield code="b">illustrations</subfield><subfield code="c">21-47 cm</subfield></datafield><datafield ind1=" " ind2=" " tag="310"><subfield code="a">10 no. a year,</subfield><subfield code="b">May 1935-May/June 1970</subfield></datafield><datafield ind1=" " ind2=" " tag="321"><subfield code="a">Bimonthly,</subfield><subfield code="b">1843-&lt;July 1848&gt;</subfield></datafield><datafield ind1=" " ind2=" " tag="321"><subfield code="a">Monthly,</subfield><subfield code="b">&lt;1856&gt;-Mar./Apr. 1933</subfield></datafield><datafield ind1=" " ind2=" " tag="321"><subfield code="a">9 no. a year,</subfield><subfield code="b">May 1933-Apr. 1935</subfield></datafield><datafield ind1=" " ind2=" " tag="336"><subfield code="a">text</subfield><subfield code="b">txt</subfield><subfield code="2">rdacontent</subfield></datafield><datafield ind1=" " ind2=" " tag="337"><subfield code="a">microform</subfield><subfield code="b">h</subfield><subfield code="2">rdamedia</subfield></datafield><datafield ind1=" " ind2=" " tag="338"><subfield code="a">microfilm reel</subfield><subfield code="b">hd</subfield><subfield code="2">rdacarrier</subfield></datafield><datafield ind1="0" ind2=" " tag="362"><subfield code="a">no. 1-34, Nov. 1843-May 1849; [ser. 2] v. 1-3, no. 6, July 1849)-Dec. 1855; [ser. 3] v. 1-115, no. 5, Jan. 1856-May/June 1970.</subfield></datafield><datafield ind1=" " ind2=" " tag="533"><subfield code="a">Microfilm.</subfield><subfield code="m">no. 1-29 (1843-1848);v.1-115 (1856-1970):[Lacks:v.5:no. 3]</subfield><subfield code="b">Evanston, Ill. :</subfield><subfield code="c">American Theological Library Association,</subfield><subfield code="d">[1983].</subfield><subfield code="e">15 microfilm reels ; 35 mm.</subfield><subfield code="f">(ATLA serials preservation program ; ATLA film S0515A).</subfield><subfield code="n">Reel 15 includes some issues of the later title.</subfield></datafield><datafield ind1="2" ind2="0" tag="610"><subfield code="a">American Bible Society</subfield><subfield code="v">Periodicals.</subfield></datafield><datafield ind1="0" ind2="0" tag="630"><subfield code="a">Bible</subfield><subfield code="x">Publication and distribution</subfield><subfield code="x">Societies, etc.</subfield><subfield code="v">Periodicals.</subfield></datafield><datafield ind1="2" ind2=" " tag="710"><subfield code="a">American Bible Society.</subfield></datafield><datafield ind1=" " ind2=" " tag="752"><subfield code="a">United States</subfield><subfield code="b">New York</subfield><subfield code="c">New York</subfield><subfield code="d">New York.</subfield></datafield><datafield ind1="1" ind2=" " tag="776"><subfield code="c">Original</subfield><subfield code="w">(DLC)sn 94000601</subfield><subfield code="w">(OCoLC)2445302</subfield></datafield><datafield ind1="0" ind2="0" tag="780"><subfield code="a">American Bible Society.</subfield><subfield code="t">Extracts from the correspondance of the American Bible Society</subfield><subfield code="x">0276-1335</subfield></datafield><datafield ind1="0" ind2="0" tag="785"><subfield code="a">American Bible Society.</subfield><subfield code="t">American Bible Society record</subfield><subfield code="x">0006-0801</subfield><subfield code="w">(DLC)sn 99016037</subfield><subfield code="w">(OCoLC)14642865</subfield></datafield><datafield ind1=" " ind2="0" tag="830"><subfield code="a">ATLA serials preservation program ;</subfield><subfield code="v">ATLA film S0515A.</subfield></datafield><datafield ind1="1" ind2=" " tag="029"><subfield code="a">AU@</subfield><subfield code="b">000014546756</subfield></datafield></record>